@article{barchini2004informatica,
  title={La inform{\'a}tica como disciplina cient{\'\i}fica. Ensayo de mapeo disciplinar},
  author={Barchini, Graciela E and Sosa, Mabel and Herrera, Susana},
  journal={Revista de Inform{\'a}tica Educativa y Medios Audiovisuales},
  volume={1},
  number={2},
  pages={1--11},
  year={2004}
}

@article{gonzalez2011maquinas,
  title={M{\'a}quinas sin engranajes y cuerpos sin mentes:?` Cu{\'a}n dualista es el funcionalismo de m{\'a}quina de Turing?},
  author={Gonz{\'a}lez, Rodrigo},
  journal={Revista de filosof{\'\i}a},
  volume={67},
  pages={183--200},
  year={2011},
  publisher={Universidad de Chile. Facultad de filosof{\'\i}a y Humanidades}
}